@misc{Kearns2010AMotility,
    title = {{A field guide to bacterial swarming motility}},
    year = {2010},
    booktitle = {Nature Reviews Microbiology},
    author = {Kearns, Daniel B.},
    number = {9},
    month = {9},
    pages = {634--644},
    volume = {8},
    doi = {10.1038/nrmicro2405},
    issn = {17401526},
    pmid = {20694026}
}

@article{Kong2013AApplications,
    title = {{A generalized laplacian of gaussian filter for blob detection and its applications}},
    year = {2013},
    journal = {IEEE Transactions on Cybernetics},
    author = {Kong, Hui and Akakin, Hatice Cinar and Sarma, Sanjay E.},
    number = {6},
    month = {12},
    pages = {1719--1733},
    volume = {43},
    doi = {10.1109/TSMCB.2012.2228639},
    issn = {21682267},
    pmid = {23757570},
    keywords = {Blob detection, generalized Laplacian of Gaussian (LoG) (gLoG), nuclei (cell) splitting, scale space, texture orientation estimation, vanishing point detection}
}

@article{Li2011AccumulationSurface,
    title = {{Accumulation of swimming bacteria near a solid surface}},
    year = {2011},
    journal = {Physical Review E - Statistical, Nonlinear, and Soft Matter Physics},
    author = {Li, Guanglai and Bensson, James and Nisimova, Liana and Munger, Daniel and Mahautmr, Panrapee and Tang, Jay X. and Maxey, Martin R. and Brun, Yves V.},
    number = {4},
    volume = {84},
    doi = {10.1103/PhysRevE.84.041932},
    issn = {15393755}
}

@article{Xiong2014AdhesionPre-treatment,
    title = {{Adhesion promotion between PDMS and glass by oxygen plasma pre-treatment}},
    year = {2014},
    journal = {Journal of Adhesion Science and Technology},
    author = {Xiong, Liangcai and Chen, Peng and Zhou, Quansheng},
    number = {11},
    month = {6},
    pages = {1046--1054},
    volume = {28},
    publisher = {VSP BV},
    doi = {10.1080/01694243.2014.883774},
    issn = {15685616},
    keywords = {PDMS, bonding, glass, microfluidic, oxygen plasma, surface modification}
}

@techreport{Munkres1957AlgorithmsProblems,
    title = {{Algorithms for the assignment and transportation problems}},
    year = {1957},
    booktitle = {Jo Soc. IDUST. APPL. HATtt},
    author = {Munkres, James},
    number = {1},
    volume = {5},
    url = {https://epubs.siam.org/page/terms}
}

@techreport{WaltzaAnMachines,
    title = {{An efficient algorithm for Gaussian blur using finite-state machines}},
    author = {Waltza, Frederick M and Millerb, John W V},
    url = {http://spiedl.org/terms},
    keywords = {Gaussian blur, decomposition, efficient code, finite-state machines, separation}
}

@article{Sage2005AutomaticDynamics,
    title = {{Automatic tracking of individual fluorescence particles: Application to the study of chromosome dynamics}},
    year = {2005},
    journal = {IEEE Transactions on Image Processing},
    author = {Sage, Daniel and Neumann, Franck R. and Hediger, Florence and Gasser, Susan M. and Unser, Michael},
    number = {9},
    month = {9},
    pages = {1372--1383},
    volume = {14},
    doi = {10.1109/TIP.2005.852787},
    issn = {10577149},
    pmid = {16190472},
    keywords = {Dynamic programming (DP), Fluorescence microscopy, Image sequence analysis, Living cell, Particle tracking}
}

@techreport{Grdiet2013BinarizationABSTARCT,
    title = {{Binarization Techniques used for Grey Scale Images ABSTARCT}},
    year = {2013},
    booktitle = {International Journal of Computer Applications},
    author = {Grdiet, Puneet and Garg, Naresh Kumar},
    number = {1},
    pages = {975--8887},
    volume = {71},
    keywords = {Binarization, OCR, SNR, Threshold value}
}

@article{Toner1998FlocksFlocking,
    title = {{Flocks, herds, and schools: A quantitative theory of flocking}},
    year = {1998},
    journal = {Physical Review E - Statistical Physics, Plasmas, Fluids, and Related Interdisciplinary Topics},
    author = {Toner, John and Tu, Yuhai},
    number = {4},
    volume = {58},
    doi = {10.1103/PhysRevE.58.4828},
    issn = {1063651X}
}

@article{Drescher2011FluidScattering,
    title = {{Fluid dynamics and noise in bacterial cell-cell and cell-surface scattering}},
    year = {2011},
    journal = {Proceedings of the National Academy of Sciences of the United States of America},
    author = {Drescher, Knut and Dunkel, JÃ¶rn and Cisneros, Luis H. and Ganguly, Sujoy and Goldstein, Raymond E.},
    number = {27},
    volume = {108},
    doi = {10.1073/pnas.1019079108},
    issn = {00278424}
}

@article{Digregorio2018FullSeparation,
    title = {{Full Phase Diagram of Active Brownian Disks: From Melting to Motility-Induced Phase Separation}},
    year = {2018},
    journal = {Physical Review Letters},
    author = {Digregorio, Pasquale and Levis, Demian and Suma, Antonio and Cugliandolo, Leticia F. and Gonnella, Giuseppe and Pagonabarraga, Ignacio},
    number = {9},
    volume = {121},
    doi = {10.1103/PhysRevLett.121.098003},
    issn = {10797114}
}

@article{Bianchi2017HolographicBacteria,
    title = {{Holographic imaging reveals the mechanism of wall entrapment in swimming bacteria}},
    year = {2017},
    journal = {Physical Review X},
    author = {Bianchi, Silvio and Saglimbeni, Filippo and Di Leonardo, Roberto},
    number = {1},
    volume = {7},
    doi = {10.1103/PhysRevX.7.011010},
    issn = {21603308}
}

@article{Sipos2015HydrodynamicWalls,
    title = {{Hydrodynamic Trapping of Swimming Bacteria by Convex Walls}},
    year = {2015},
    journal = {Physical Review Letters},
    author = {Sipos, O. and Nagy, K. and Di Leonardo, R. and Galajda, P.},
    number = {25},
    volume = {114},
    doi = {10.1103/PhysRevLett.114.258104},
    issn = {10797114}
}

@article{Marchetti2013HydrodynamicsMatter,
    title = {{Hydrodynamics of soft active matter}},
    year = {2013},
    journal = {Reviews of Modern Physics},
    author = {Marchetti, M. C. and Joanny, J. F. and Ramaswamy, S. and Liverpool, T. B. and Prost, J. and Rao, Madan and Simha, R. Aditi},
    number = {3},
    month = {7},
    pages = {1143--1189},
    volume = {85},
    doi = {10.1103/RevModPhys.85.1143},
    issn = {00346861}
}

@article{Auger2013IndustrialReview,
    title = {{Industrial applications of the kalman filter: A review}},
    year = {2013},
    journal = {IEEE Transactions on Industrial Electronics},
    author = {Auger, Francois and Hilairet, Mickael and Guerrero, Josep M. and Monmasson, Eric and Orlowska-Kowalska, Teresa and Katsura, Seiichiro},
    number = {12},
    pages = {5458--5471},
    volume = {60},
    publisher = {Institute of Electrical and Electronics Engineers Inc.},
    doi = {10.1109/TIE.2012.2236994},
    issn = {02780046},
    keywords = {Implementation issues, Kalman filter (KF), industrial applications, state estimation}
}

@article{Saintillan2008InstabilitiesSimulations,
    title = {{Instabilities and pattern formation in active particle suspensions: Kinetic theory and continuum simulations}},
    year = {2008},
    journal = {Physical Review Letters},
    author = {Saintillan, David and Shelley, Michael J.},
    number = {17},
    volume = {100},
    doi = {10.1103/PhysRevLett.100.178103},
    issn = {00319007}
}

@book{Soto2016KineticPhenomena,
    title = {{Kinetic Theory and Transport Phenomena}},
    year = {2016},
    booktitle = {Kinetic Theory and Transport Phenomena},
    author = {Soto, Rodrigo},
    doi = {10.1093/acprof:oso/9780198716051.001.0001}
}

@article{Saragosti2012ModelingChemotaxis,
    title = {{Modeling E. coli tumbles by rotational diffusion. implications for chemotaxis}},
    year = {2012},
    journal = {PLoS ONE},
    author = {Saragosti, Jonathan and Silberzan, Pascal and Buguin, Axel},
    number = {4},
    month = {4},
    volume = {7},
    doi = {10.1371/journal.pone.0035412},
    issn = {19326203},
    pmid = {22530021}
}

@article{Caporusso2020Motility-InducedSystem,
    title = {{Motility-Induced Microphase and Macrophase Separation in a Two-Dimensional Active Brownian Particle System}},
    year = {2020},
    journal = {Physical Review Letters},
    author = {Caporusso, Claudio B. and Digregorio, Pasquale and Levis, Demian and Cugliandolo, Leticia F. and Gonnella, Giuseppe},
    number = {17},
    volume = {125},
    doi = {10.1103/PhysRevLett.125.178004},
    issn = {10797114}
}

@article{Cates2015Motility-inducedSeparation,
    title = {{Motility-induced phase separation}},
    year = {2015},
    journal = {Annual Review of Condensed Matter Physics},
    author = {Cates, Michael E. and Tailleur, Julien},
    number = {1},
    month = {3},
    pages = {219--244},
    volume = {6},
    publisher = {Annual Reviews Inc.},
    doi = {10.1146/annurev-conmatphys-031214-014710},
    issn = {19475462},
    arxivId = {1406.3533},
    keywords = {active Brownian, bacteria, motility, phase separation, run-and-tumble, self-propelled particles}
}

@article{Koh2012QuantitativeEffect,
    title = {{Quantitative studies on PDMS-PDMS interface bonding with piranha solution and its swelling effect}},
    year = {2012},
    journal = {Micromachines},
    author = {Koh, Kai Seng and Chin, Jitkai and Chia, Joanna and Chiang, Choon Lai},
    number = {2},
    pages = {427--441},
    volume = {3},
    doi = {10.3390/mi3020427},
    issn = {2072666X},
    keywords = {Bonding effects, Piranha solution, Polydimethylsiloxane (PDMS), Swelling}
}

@article{Jaqaman2008RobustSequences,
    title = {{Robust single-particle tracking in live-cell time-lapse sequences}},
    year = {2008},
    journal = {Nature Methods},
    author = {Jaqaman, Khuloud and Loerke, Dinah and Mettlen, Marcel and Kuwata, Hirotaka and Grinstein, Sergio and Schmid, Sandra L. and Danuser, Gaudenz},
    number = {8},
    month = {8},
    pages = {695--702},
    volume = {5},
    doi = {10.1038/nmeth.1237},
    issn = {15487091},
    pmid = {18641657}
}

@techreport{Henry2015ScholarlyCommonsProtocol-Technics,
    title = {{ScholarlyCommons ScholarlyCommons Protocols and Reports Browse by Type PDMS-PDMS Bonding Protocol-Technics PDMS-PDMS Bonding Protocol-Technics}},
    year = {2015},
    author = {Henry, Steven},
    url = {https://repository.upenn.edu/scn_protocols/3}
}

@article{Lauga2006SwimmingBoundaries,
    title = {{Swimming in circles: Motion of bacteria near solid boundaries}},
    year = {2006},
    journal = {Biophysical Journal},
    author = {Lauga, Eric and DiLuzio, Willow R. and Whitesides, George M. and Stone, Howard A.},
    number = {2},
    volume = {90},
    doi = {10.1529/biophysj.105.069401},
    issn = {00063495}
}

@article{VanVliet2014ThePopulations,
    title = {{The effects of chemical interactions and culture history on the colonization of structured habitats by competing bacterial populations}},
    year = {2014},
    journal = {BMC Microbiology},
    author = {Van Vliet, Simon and Hol, Felix J.H. and Weenink, Tim and Galajda, Peter and Keymer, Juan E.},
    number = {1},
    month = {5},
    volume = {14},
    publisher = {BioMed Central Ltd.},
    doi = {10.1186/1471-2180-14-116},
    issn = {14712180},
    keywords = {Bacterial competition, Collective behavior, Habitat colonization, Microbes, Microfluidics, Spatially structured habitats}
}

@techreport{Aanonsen2009TheReview,
    title = {{The Ensemble Kalman Filter in Reservoir Engineering-a Review}},
    year = {2009},
    booktitle = {SPE Journal},
    author = {Aanonsen, Sigurd I},
    volume = {393}
}

@book{Lauga2020TheMotility,
    title = {{The Fluid Dynamics of Cell Motility}},
    year = {2020},
    booktitle = {The Fluid Dynamics of Cell Motility},
    author = {Lauga, Eric},
    doi = {10.1017/9781316796047}
}

@article{Tinevez2017TrackMate:Tracking,
    title = {{TrackMate: An open and extensible platform for single-particle tracking}},
    year = {2017},
    journal = {Methods},
    author = {Tinevez, Jean Yves and Perry, Nick and Schindelin, Johannes and Hoopes, Genevieve M. and Reynolds, Gregory D. and Laplantine, Emmanuel and Bednarek, Sebastian Y. and Shorte, Spencer L. and Eliceiri, Kevin W.},
    month = {2},
    pages = {80--90},
    volume = {115},
    publisher = {Academic Press Inc.},
    doi = {10.1016/j.ymeth.2016.09.016},
    issn = {10959130},
    pmid = {27713081},
    keywords = {Clathin-mediated endocytosis, Image analysis, Microscopy, Open-source software, Phototoxicity, Single-particle tracking}
}

@article{Lopez2015TurningSuperfluids,
    title = {{Turning Bacteria Suspensions into Superfluids}},
    year = {2015},
    journal = {Physical Review Letters},
    author = {L{\'{o}}pez, HÃ©ctor MatÃ­as and Gachelin, JÃ©rÃ©mie and Douarche, Carine and Auradou, Harold and Cl{\'{e}}ment, Eric},
    number = {2},
    month = {7},
    volume = {115},
    publisher = {American Physical Society},
    doi = {10.1103/PhysRevLett.115.028301},
    issn = {10797114},
    pmid = {26207507},
    arxivId = {1503.05511}
}